
@article { gottschalk96,
  author    = {S. Gottschalk and Ming C. Lin and Dinesh. Manocha},
  title     = {OBBTree: A Hierarchical Structure for Rapid Interference Detection},
  journal   = {Computer Graphics SIGGRAPH'96},
  volume    = {30},
  number    = {Annual Conference Series},
  pages     = {171--180},
  year      = {1996},
}
 
@article { kallmann08cavw,
  author   = { Marcelo Kallmann},
  title    = { Analytical Inverse Kinematics with Body Posture Control},
  journal  = {Computer Animation and Virtual Worlds},
  volume   = { 19 },
  number   = { 2 },
  pages    = {79--91},
  publisher = {John Wiley and Sons Ltd.},
  year = {2008}
}

@inproceedings { kallmann05iva,
  author    = {Marcelo Kallmann and Stacy Marsella},
  title     = {Hierarchical Motion Controllers for Real-Time Autonomous
               Virtual Humans},
  booktitle = {Proceedings of the 5th International working conference on
               Intelligent Virtual Agents (IVA'05)},
  month     = {September 12-14},
  address   = {Kos, Greece},
  year      = {2005},
  pages     = {243--265}
}

@inproceedings { kallmann05aiide,
  author    = {Marcelo Kallmann},
  title     = {Scalable solutions for Interactive Virtual Humans that can
               Manipulate Objects},
  booktitle = {Proceedings of the Artificial Intelligence and Interactive 
               Digital Entertainment (AIIDE'05)},
  month     = {June 1-3},
  address   = {Marina del Rey, CA},
  year      = {2005},
  pages     = {69--74}
}

@inproceedings { kallmann04sab,
  author    = {Marcelo Kallmann and Robert Bargmann and Maja J. Matari\'{c}},
  title     = {Planning the Sequencing of Movement Primitives},
  booktitle = {Proceedings of the International Conference on Simulation of 
               Adaptive Behavior (SAB)},
  address   = {Santa Monica, CA},
  pages     = {193--200},
  month     = {July},
  year      = {2004},
}

@inproceedings { miller04humanoids,
  author    = {Nathan Miller and Odest C. Jenkins and Marcelo Kallmann and
               Maja J. Matari\'{c}},
  title     = {Motion Capture from Inertial Sensing for Untethered
               Humanoid Teleoperation},
  booktitle = {Proceedings of the IEEE-RAS International Conference on 
               Humanoid Robotics (Humanoids)},
  address   = {Santa Monica, CA},
  month     = {November},
  year      = {2004}
}

@inproceedings { kallmann04icra,
  author    = {Marcelo Kallmann and Maja Matari\'c},
  title     = {Motion Planning Using Dynamic Roadmaps},
  booktitle = {Proceedings of the IEEE International Conference on 
               Robotics and Automation (ICRA)},
  month     = {April 26 - May 1},
  address   = {New Orleans, Louisiana},
  year      = {2004},
  pages     = {4399--4404}
}


